@article{Rivest1978,
    author = {Rivest, Linn R. and Shamir, Adi and Adleman, Leonard M.},
    journal = {Communications of the ACM},
    volume = {21},
    number = {2},
    title = {{A method for obtaining digital signatures and public-key cryptosystems}},
    pages = {120--126},
    year = {1978},
    doi = {10.1145/359340.359342},
    url = {http://dx.doi.org/10.1145/359340.359342}
}

@article{DiginotarNu,
    author = {de Winter, Brenno},
    journal = {Nu},
    title = {{Mogelijk nepsoftware verspreid naast aftappen Gmail}},
    year = {2011},
    url = {http://www.nu.nl/internet/2603449/mogelijk-nepsoftware-verspreid-naast-aftappen-gmail.html}
}

@article{DigiNotarThreatpost,
    author = {Fisher, Dennis},
    journal = {threatpost},
    title = {{Final report on diginotar hack show total compromise of CA servers}},
    year = {2012},
    url = {https://threatpost.com/final-report-diginotar-hack-shows-total-compromise-ca-servers-103112/77170/}
}

@article{DigiNotarComputerworld,
    author = {Keizer, Gregg},
    journal = {Computerworld},
    title = {{Hackers spied on 300,000 Iranians using fake Google certificate}},
    year = {2011},
    url = {http://www.computerworld.com/article/2510951/cybercrime-hacking/hackers-spied-on-300-000-iranians-using-fake-google-certificate.html}
}

@misc{DigiNotarSchneier,
    author = {Schneier, Bruce},
    journal = {Computerworld},
    howpublished = {\url{https://www.schneier.com/blog/archives/2013/09/new_nsa_leak_sh.html}},
    title = {{New NSA Leak Shows MITM Attacks Against Major Internet Services}},
    year = {2013}
}

@article{DigiNotarTweakers,
    author = {Schellevis, Joost},
    journal = {Computerworld},
    title = {{'NSA maakte misbruik van lek DigiNotar'}},
    year = {2013},
    url = {https://tweakers.net/nieuws/91293/nsa-maakte-misbruik-van-lek-diginotar.html}
}

@article{Wilson2014,
    author = {Wilson, Ben},
    journal = {CA security council},
    title = {{In the Wake of Unauthorized Certificate Issuance by the Indian CA NIC, can Government CAs Still be Considered “Trusted Third Parties”?}},
    year = {2014},
    url = {https://casecurity.org/2014/07/24/unauthorized-certificate-issuance/}
}

@techreport{WoSignMozilla,
    author = {Markham, Gervase},
    institution = {Mozilla},
    title = {{CA:WoSign Issues}},
    year = {2016},
    type = {report},
    url = {https://wiki.mozilla.org/CA:WoSign_Issues#Issue_S:_Backdated_SHA-1_Certs_.28January_2016.29}
}

@article{WoSignTweakers1,
    author = {van Voorst, Sander},
    journal = {Tweakers},
    title = {{Mozilla vertrouwt nieuwe WoSign- en StartCom-certificaten niet}},
    year = {2016},
    url = {https://tweakers.net/nieuws/117117/mozilla-vertrouwt-nieuwe-wosign-en-startcom-certificaten-niet.html}
}

@article{WoSignTweakers2,
    author = {van Voorst, Sander},
    journal = {Tweakers},
    title = {{Na Mozilla trekt ook Google vertrouwen in WoSign- en StartCom-certificaten in}},
    year = {2016},
    url = {https://tweakers.net/nieuws/117393/na-mozilla-trekt-ook-google-vertrouwen-in-wosign-en-startcom-certificaten-in.html}
}

@manual{GNUManual,
    author = {Copeland, Matthew and Grahn, Joergen and Wheeler A., David},
    title = {The GNU Privacy Handbook},
    date = {1999},
    language = {English},
    organization = {GNU},
    url = {https://www.gnupg.org/gph/en/manual.html},
}

@manual{GNUManualValidatingKeys,
    author = {Copeland, Matthew and Grahn, Joergen and Wheeler A., David},
    title = {The GNU Privacy Handbook: Validating other keys on your public keyring},
    date = {1999},
    language = {English},
    organization = {GNU},
    url = {https://www.gnupg.org/gph/en/manual/x334.html},
}

@manual{GNUManualDistributingKeys,
    author = {Copeland, Matthew and Grahn, Joergen and Wheeler A., David},
    title = {The GNU Privacy Handbook: Distributing keys},
    date = {1999},
    language = {English},
    organization = {GNU},
    url = {https://www.gnupg.org/gph/en/manual/x457.html},
}

@manual{GNUManualGettingStarted,
    author = {Copeland, Matthew and Grahn, Joergen and Wheeler A., David},
    title = {The GNU Privacy Handbook: Getting started},
    date = {1999},
    language = {English},
    organization = {GNU},
    url = {https://www.gnupg.org/gph/en/manual/c14.html},
}

@techreport{rfc4880,
    author = {
        Callas, J. and 
        PGP Corporation and
        Donnerhacke, L. and
        GmbH, IKS and
        Finney, H. and
        Shaw, D. and
        Thayer, R.
    },
    title = {{OpenPGP Message Format}},
    howpublished = {Internet Requests for Comments},
    type = {RFC},
    number = 4880,
    pages = {1-89},
    year = {2007},
    month = {9},
    publisher = {Internet Engineering Task Force},
    institution = {Internet Engineering Task Force},
    URL = {https://tools.ietf.org/html/rfc4880},
    shorthand = {RFC4880}
}

@manual{GnuPGFAQ,
    author = {Hansen, Robert J. and Kuchling, A.M.},
    title = {GnuPG FAQ},
    date = {2012},
    language = {English},
    organization = {GNU},
    url = {https://www.gnupg.org/faq/gnupg-faq.html},
}

@misc{RiseUpOpenPGPBestPractices,
    publisher = {RiseUp},
    title = {{OpenPGP Best Practices}},
    howpublished = {\url{https://riseup.net/en/security/message-security/openpgp/best-practices}}
}

@article{HighSpeedHighSecuritySignatures,
    author = {Bernstein, Daniel J. and Duif, Niels and Lange, Tanja and Schwabe, Peter and Yang, Bo-Yin},
    journal = {Journal of Cryptographic Engineering},
    title = {{High-speed high-security signatures}},
    year = {2012},
    doi = {10.1007/s13389-012-0027-1},
    url = {http://dx.doi.org/10.1007/s13389-012-0027-1}
}

@article{OriginalRSAKeySizeRecommendations,
    author = {RSA Laboratories},
    journal = {RSA security inc.},
    title = {{RSA Laboratories' Frequently Asked Questions About Today's Cryptography}},
    version = {4.1},
    year = {2000},
    url = {https://www.emc.com/emc-plus/rsa-labs/historical/questions-and-answers-shamirs-factoring-device.htm}
}

@techreport{NISTKeyManagementRecommendationApplicationSpecific,
    author = {
        Barker, Elaine and 
        Dang, Quynh
    },
    title = {{Recommendation for Key Management}},
    subtitle = {{Part 3: Application-Specific Key Management Guidance}},
    howpublished = {NIST},
    type = {NIST publication},
    number = {800-57},
    pages = {1-94},
    year = {2015},
    month = {1},
    institution = {National Institute of Standards and Technology},
    url = {http://dx.doi.org/10.6028/NIST.SP.800-57pt3r1},
    shorthand = {NIST Special Publication 800-57 Part 3},
    doi = {10.6028/NIST.SP.800-57pt3r1}
}


@conference{FactorizationOf768BitRSA,
    author = {
        Kleinjung, Thorsten and 
        Aoki, Kazumaro and
        Franke, Jens and
        Lenstra, Arjen K. and
        Thomé, Emmanuel and
        Bos, Joppe W. and
        Gaudry, Pierrick and
        Kruppa, Alexander and
        Montgomery, Peter L. and
        Osvik, Dag arne and
        te Riele, Herman and
        Timofeev, Andrey and
        Zimmerman, Paul
    },
    title = {{Factorization of a 768-bit RSA modulus}},
    booktitle = {{Lecture Notes in Computer Science}},
    volume = {6223},
    pages = {1-22},
    year = {2010},
    month = {2},
    revision = 1,
    editor = {springer},
    publisher = {springer},
    institution = {National Institute of Standards and Technology},
    url = {http://dx.doi.org/10.1007/978-3-642-14623-7_18},
    doi = {10.1007/978-3-642-14623-7_18}
}

@techreport{NISTKeyManagementRecommendationGeneral,
    author = {
        Barker, Elaine
    },
    title = {{Recommendation for Key Management}},
    subtitle = {{Part 1: General}},
    howpublished = {NIST},
    type = {NIST publication},
    number = {800-57},
    revision = 4,
    pages = {1-160},
    year = {2016},
    month = {1},
    institution = {National Institute of Standards and Technology},
    url = {http://dx.doi.org/10.6028/NIST.SP.800-57pt1r4},
    shorthand = {NIST Special Publication 800-57 Part 1},
    doi = {10.6028/NIST.SP.800-57pt1r4}
}

@misc{GithubGeneratingANewGPGKey,
    author = {GitHub},
    institution = {GitHub Inc.},
    title = {{Generating a new GPG key}},
    url = {https://help.github.com/articles/generating-a-new-gpg-key/#platform-linux}
}

@techreport{NISTDigitalIdentityGuidelines,
    author = {
        Grassi, Paul A. and
        Garcia, Michael E. and
        Fenton, James L.
    },
    title = {{DRAFT NIST Special Publication 800-63-3}},
    titleaddon = {{Digital Identity Guidelines}},
    howpublished = {NIST},
    type = {NIST publication},
    number = {800-63-3},
    pages = {1-160},
    year = {2017},
    institution = {National Institute of Standards and Technology},
    url = {https://pages.nist.gov/800-63-3/sp800-63-3.html}
}

@article{MachkovechMonde,
    author = {Machkovech, Sam},
    journal = {Ars Technica},
    title = {{Hacked French network exposed its own passwords during TV interview}},
    year = {2015},
    url = {https://arstechnica.com/security/2015/04/hacked-french-network-exposed-its-own-passwords-during-tv-interview/}
}

@article{HernGuardianAdobeLeak,
    author = {Hern, Alex},
    journal = {The Guardian},
    title = {{Did your Adobe password leak? Now you and 150m others can check}},
    year = {2013},
    url = {https://www.theguardian.com/technology/2013/nov/07/adobe-password-leak-can-check}
}

@book{FennellyPhysicalSecurity,
    author    = {Fennelly, Lawrence}, 
    title     = {Effective Physical Security},
    publisher = {Butterworth-Heinemann},
    year      = 2012,
    edition   = 4,
    month     = 9,
    isbn      = {0124158927}
}

@misc{Podevyn,
    author = {Podevyn, Kathleen},
    howpublished = {Persoonlijke communicatie},
    note = {Gynaecoloog},
    year = 2017
}

@techreport{EconomicCrimeSurvey,
    title = {Economische criminaliteit: Een bedreiging voor elk bedrijf},
    url = {http://www.pwc.nl/nl/publicaties/economic-crime-survey-nederland-2014.html},
    institution = {pwc},
    year = 2014
}

@conference{ANewHopeUsenix,
    author = {
        Alkim, Erdem and
        Ducas, Léo and
        Pöppelmann, Thomas and
        Schwabe, Peter
    },
    year = {2016},
    version = {20161116:063839},
    title = {Post-quantum key exchange - a new hope},
    institution = {Google Inc.},
    publisher = {USENIX},
    url = {https://eprint.iacr.org/2015/1092.pdf}
}

@article{VanDerBeekImpersonatieMarqit,
    author = {van der Beek, Pim},
    title = {Cybercrimineel doet zich voor als CEO},
    year = {2015},
    journal = {Marqit},
    url = {https://www.marqit.nl/newsitem/19169}
}

@article{DeignImpersonatieTheGuardian,
    author = {Deign, Jason},
    title = {Being you, being me},
    year = {2001},
    journal = {The Guardian},
    url = {https://www.theguardian.com/money/2001/apr/08/personalfinancenews.observercashsection}
}

@article{Ashford2015,
    author = {Ashford, Warwick},
    journal = {Computer weekly},
    year = {2015},
    title = {Internal threat among biggest cyber security challenges, says former FBI investigator},
    url = {http://www.computerweekly.com/news/4500248908/Internal-threat-among-biggest-cyber-security-challenges-says-former-FBI-investigator}
}

@misc{VanDenBulckeTom,
    author = {Van den Bulcke, Tom},
    howpublished = {Persoonlijke communicatie},
    note = {Bedrijfsleider Forcit},
    year = 2017
}

@misc{DeprezArne,
    author = {Deprez, Arne},
    howpublished = {Persoonlijke communicatie},
    note = {Front-end developer},
    year = 2017
}

@article{Menn2013NsaRsa,
    author = {Menn, Joseph},
    journal = {Reuters},
    year = 2013,
    title = {Exclusive: Secret contract tied NSA and security industry pioneer},
    url = {https://www.reuters.com/article/us-usa-security-rsa-idUSBRE9BJ1C220131220}
}

@article{Perlroth2013NsaRng,
    author = {Perlroth, Nicole},
    journal = {The New York Times},
    year = 2013,
    title = {Government Announces Steps to Restore Confidence on Encryption Standards},
    url = {https://bits.blogs.nytimes.com/2013/09/10/government-announces-steps-to-restore-confidence-on-encryption-standards/?_r=0}
}

@article{Zetter2013NsaRng,
    author = {Zetter, Kim},
    journal = {Wired},
    year = 2013,
    title = {How a Crypto ‘Backdoor’ Pitted the Tech World Against the NSA},
    url = {https://www.wired.com/2013/09/nsa-backdoor/}
}

@article{GuardianNsaRng,
    author = {
        Ball, James and
        Borger, Julian and
        Greenwald, Glenn
    },
    journal = {The Guardian},
    year = 2013,
    title = {Revealed: how US and UK spy agencies defeat internet privacy and security},
    url = {https://www.theguardian.com/world/2013/sep/05/nsa-gchq-encryption-codes-security}
}

@techreport{NISTAlgorithmesAndKeyLengths,
    author = {
        Barker, Elaine and
        Roginsky, Allen and
    },
    title = {{Transitions: Recommendation for Transitioning the Use of Cryptographic Algorithms and Key Lengths}},
    howpublished = {NIST},
    type = {NIST special publication},
    number = {800-131A},
    pages = {1-23},
    year = {2015},
    institution = {National Institute of Standards and Technology},
    url = {http://dx.doi.org/10.6028/NIST.SP.800-131Ar1},
    doi = {10.6028/NIST.SP.800-131Ar1}
}

@misc{TruijenStefaan,
    author = {Truijen, Stefaan},
    howpublished = {Persoonlijke communicatie (e-mail)},
    note = {Cryptografisch expert},
    year = 2017
}
